<?xml version="1.0" encoding="UTF-8"?><collection xmlns="http://www.loc.gov/MARC21/slim"><record><leader>00599nam--2200181-i-4500</leader><controlfield tag="001">000026858</controlfield><controlfield tag="002">20161230</controlfield><controlfield tag="005">20161230201036</controlfield><controlfield tag="008">060222s1000------------r-----000-0-ger-d</controlfield><datafield ind1=" " ind2=" " tag="040"><subfield code="a">IFIN-HH</subfield></datafield><datafield ind1=" " ind2=" " tag="041"><subfield code="a">ger</subfield></datafield><datafield ind1=" " ind2=" " tag="080"><subfield code="a">538.114</subfield></datafield><datafield ind1="1" ind2=" " tag="100"><subfield code="a">Kneller, Eckart</subfield></datafield><datafield ind1="1" ind2="0" tag="245"><subfield code="a">Ferromagnetismus</subfield><subfield code="b">Ferromagnetismus antiferromagnetismus ferrimagnetismus eine moderne einfuhrung in die physikalischen grundlagen der magnetischen eigenschaften von festkorpern</subfield><subfield code="c">Eckart kneller</subfield></datafield><datafield ind1=" " ind2=" " tag="260"><subfield code="a">Berlin</subfield><subfield code="b">Springer-verlag</subfield><subfield code="c">1962</subfield></datafield><datafield ind1=" " ind2=" " tag="300"><subfield code="a">XX + 793P</subfield></datafield><datafield ind1=" " ind2=" " tag="852"><subfield code="a">17898</subfield><subfield code="c">538.221</subfield></datafield><datafield ind1=" " ind2=" " tag="CAT"><subfield code="a">Sys</subfield><subfield code="c">20110916</subfield><subfield code="h">140753</subfield></datafield></record></collection>